@misc{KOMAScriptDoc,
	title = {{KOMA-Script Documentation Project {$\vert$} Aktive Anwender verbessern KOMA-Script.}},
	year = {2019},
	month = {Feb},
	note = {[Online; accessed 18. Feb. 2019]},
	url = {https://komascript.de}
}
@article{Battle2014,
abstract = {Understanding the conseque...},
archivePrefix = {arXiv},
arxivId = {NIHMS150003},
author = {Battle, Alexis and Mostafavi, Sara and Zhu, Xiaowei and Potash, James B. and Weissman, Myrna M. and McCormick, Courtney and Haudenschild, Christian D. and Beckman, Kenneth B. and Shi, Jianxin and Mei, Rui and Urban, Alexander E. and Montgomery, Stephen B. and Levinson, Douglas F. and Koller, Daphne},
doi = {10.1101/gr.155192.113},
eprint = {NIHMS150003},
journal = {Genome Res.},
number = {1},
pages = {14--24},
pmid = {24092820},
title = {{Characterizing the genetic basis of transcriptome diversity through RNA-sequencing of 922 individuals}},
volume = {24},
year = {2014}
}
@article{Crevits2015,
author = {Yvan Crévits},
title = {{Éléments de modélisation multi-physique des systèmes industriels en vue de leur simulation numérique}},
year = {2015}
}
@article{Fichou2012,
author = {Philippe Fichou},
title = {{La modélisation multiphysique}},
journal = {Technologie},
year = {2012}
}
@article{Crevits2015,
author = {Ivan Liebgott},
title = {{Modélisation et Simulation des systèmes Multi-Physiques avec MATLAB--Simulink}},
}
@article{MazetAutom,
author = {Frédéric Mazet},
title = {{Cours d'automatique de deuxième année}},
journal = {Lycée Dumont Durville, Toulon},
}

@article{Beynet,
author = {Patrick Beynet},
title = {{Sciences industrielles de l'ingénieur MP - PSI}},
}

